@book{chang,
    author = "Chein-I Chang",
    title  = "Hyperspectral Data Processing",
    year   = "2013",
    isbn = "978-0-471-69056-6",
    publisher = "John Wiley \& Sons, Inc.",
    pages = {960-961}
}

@book{leadbetter,
  author = {Leadbetter, M. R. and Lindgren, G. and Rootzen, H.},
  isbn = {0387907319},
  publisher = {Springer Verlag},
  series = {Springer Series in Statistics},
  title = {Extremes and Related Properties of Random Sequences and Processes},
  year = {1983}
}

@article{mosp, 
    author={C. Chang and W. Xiong and H. Chen and J. Chai}, 
    journal={IEEE Journal of Selected Topics in Signal Processing}, 
    title={Maximum Orthogonal Subspace Projection Approach to Estimating the Number of Spectral Signal Sources in Hyperspectral Imagery}, 
    year={2011}, 
    volume={5}, 
    number={3}, 
    pages={504-520}, 
    month={June}
}

@article{moca, 
    author={O. Kuybeda and D. Malah and M. Barzohar}, 
    journal={IEEE Transactions on Signal Processing}, 
    title={Rank Estimation and Redundancy Reduction of High-Dimensional Noisy Signals With Preservation of Rare Vectors}, 
    year={2007}, 
    volume={55}, 
    number={12}, 
    pages={5579-5592}, 
    month={Dec}
}

@article{vd, 
    author={C. Chang}, 
    journal={IEEE Journal of Selected Topics in Applied Earth Observations and Remote Sensing}, 
    title={A Review of Virtual Dimensionality for Hyperspectral Imagery}, 
    year={2018}, 
    volume={11}, 
    number={4}, 
    pages={1285-1305}, 
    month={April}
}

